@inproceedings{ghazal2022intelligent,
  title={Intelligent model to predict early liver disease using machine learning technique},
  author={Ghazal, Taher M and Rehman, Aziz Ur and Saleem, Muhammad and Ahmad, Munir and Ahmad, Shabir and Mehmood, Faisal},
  booktitle={2022 International Conference on Business Analytics for Technology and Security (ICBATS)},
  pages={1--5},
  year={2022},
  organization={IEEE}
}

@article{uddin2019comparing,
  title={Comparing different supervised machine learning algorithms for disease prediction},
  author={Uddin, Shahadat and Khan, Arif and Hossain, Md Ekramul and Moni, Mohammad Ali},
  journal={BMC medical informatics and decision making},
  volume={19},
  number={1},
  pages={1--16},
  year={2019},
  publisher={Springer}
}

@inproceedings{kohli2018application,
  title={Application of machine learning in disease prediction},
  author={Kohli, Pahulpreet Singh and Arora, Shriya},
  booktitle={2018 4th International conference on computing communication and automation (ICCCA)},
  pages={1--4},
  year={2018},
  organization={IEEE}
}

@inproceedings{dahiwade2019designing,
  title={Designing disease prediction model using machine learning approach},
  author={Dahiwade, Dhiraj and Patle, Gajanan and Meshram, Ektaa},
  booktitle={2019 3rd International Conference on Computing Methodologies and Communication (ICCMC)},
  pages={1211--1215},
  year={2019},
  organization={IEEE}
}

@article{weng2016disease,
  title={Disease prediction with different types of neural network classifiers},
  author={Weng, Cheng-Hsiung and Huang, Tony Cheng-Kui and Han, Ruo-Ping},
  journal={Telematics and Informatics},
  volume={33},
  number={2},
  pages={277--292},
  year={2016},
  publisher={Elsevier}
}

@inproceedings{chen2011hdps,
  title={HDPS: Heart disease prediction system},
  author={Chen, Austin H and Huang, Shu-Yi and Hong, Pei-Shan and Cheng, Chieh-Hao and Lin, En-Ju},
  booktitle={2011 computing in Cardiology},
  pages={557--560},
  year={2011},
  organization={IEEE}
}

@article{jain2018feature,
  title={Feature selection and classification systems for chronic disease prediction: A review},
  author={Jain, Divya and Singh, Vijendra},
  journal={Egyptian Informatics Journal},
  volume={19},
  number={3},
  pages={179--189},
  year={2018},
  publisher={Elsevier}
}

@article{jousilahti1999sex,
  title={Sex, age, cardiovascular risk factors, and coronary heart disease: a prospective follow-up study of 14 786 middle-aged men and women in Finland},
  author={Jousilahti, Pekka and Vartiainen, Erkki and Tuomilehto, Jaakko and Puska, Pekka},
  journal={Circulation},
  volume={99},
  number={9},
  pages={1165--1172},
  year={1999},
  publisher={Am Heart Assoc}
}

@article{patil2010hybrid,
  title={Hybrid prediction model for type-2 diabetic patients},
  author={Patil, Bankat M and Joshi, Ramesh Chandra and Toshniwal, Durga},
  journal={Expert systems with applications},
  volume={37},
  number={12},
  pages={8102--8108},
  year={2010},
  publisher={Elsevier}
}

@inproceedings{saxena2015diabetes,
  title={Diabetes mellitus prediction system evaluation using c4. 5 rules and partial tree},
  author={Saxena, Kanak and Sharma, Richa and others},
  booktitle={2015 4th International Conference on Reliability, Infocom Technologies and Optimization (ICRITO)(Trends and Future Directions)},
  pages={1--6},
  year={2015},
  organization={IEEE}
}

@article{gurbuz2014new,
  title={A new adaptive support vector machine for diagnosis of diseases},
  author={G{\"u}rb{\"u}z, Emre and K{\i}l{\i}{\c{c}}, Erdal},
  journal={Expert Systems},
  volume={31},
  number={5},
  pages={389--397},
  year={2014},
  publisher={Wiley Online Library}
}

@article{shrivastava2011efficient,
  title={An efficient approach parallel support vector machine for classification of diabetes dataset},
  author={Shrivastava, Naveeen Kumar and Saurabh, Praneet and Verma, Bhupendra},
  journal={International Journal of Computer Applications},
  volume={36},
  number={6},
  pages={19--24},
  year={2011},
  publisher={International Journal of Computer Applications, 244 5 th Avenue,\# 1526, New~â€¦}
}